4084 5008
906 241 1254 336 ...10-

263 437 319 540 'eo
353 459 463 538 eitius
498 469 783 572 converguntem
815 479 891 558 quo
922 453 1044 557 major
1076 469 1132 531 est
1157 452 1322 532 abscissa
1346 481 1397 530 aa:
1423 481 1500 530 non
1523 453 1647 534 ninus
1670 455 1756 536 hoo
1779 457 1896 536 serias

271 583 452 664 indicabit
476 603 630 660 eurum
651 581 801 658 unicam
824 578 964 656 hahere
989 595 1227 684 asymptaton
1253 578 1360 656 DD‘
1386 595 1537 668 rectam.
2029 569 2030 582 ¹

1039 863 1135 972 IV.

377 1083 450 1158 Per
473 1093 652 1185 punctum
679 1082 719 1156 B
741 1093 851 1156 reetae
886 1079 1086 1182 enjusdam*
1108 1077 1227 1155 ductae
1253 1077 1413 1182 aeqnatia
1438 1077 1537 1162 hanc
1560 1081 1719 1159 formam
1744 1083 1901 1160 habebit
1947 1041 1951 1048 μ
2029 1091 2030 1102 ’

274 1233 451 1314 yzaae,
496 1223 534 1282 et
568 1231 611 1283 ea
653 1206 758 1284 {ttius
791 1233 861 1310 per
891 1223 1072 1311 punctum
1105 1209 1145 1279 A
1177 1205 1296 1282 ductae
1328 1207 1490 1281 formam
1522 1223 1739 1307 sequentem
1771 1209 1902 1286 induet
2029 1217 2030 1222 ’

275 1335 538 1438 yzax-t.
597 1333 667 1409 Hae
692 1348 804 1408 rectae
829 1358 899 1434 pro
925 1331 1082 1407 arbitrio
1108 1325 1227 1410 ductae
1239 1391 1250 1428 ,
1285 1334 1327 1407 in
1351 1348 1489 1436 puncto
1516 1332 1685 1432 quolibet
1709 1359 1833 1411 secare
1859 1361 1898 1411 se
2029 1385 2030 1390 =

181 1515 183 1524 ·
278 1477 448 1564 possunt.
520 1459 596 1534 Sed
637 1457 672 1534 si
710 1471 887 1562 punctam
921 1457 1192 1535 intersectionis
1223 1457 1264 1530 in
1296 1483 1411 1532 otu'va
1444 1457 1557 1533 focali
1588 1461 1733 1536 versari
1772 1463 1900 1558 dehet,
2028 1445 2030 1546 s

281 1615 429 1680 necesse
465 1570 521 1664 esi
551 1585 687 1660 harum
720 1583 947 1686 aequationea
973 1610 1059 1660 cum
1089 1581 1155 1658 iila
1188 1573 1322 1656 focalia
1352 1579 1482 1655 eadem
1506 1597 1671 1687 tempore
1698 1587 1901 1686 obtineant,

281 1715 422 1806 idest,
450 1711 625 1788 omnibus
650 1708 712 1784 his
737 1707 911 1802 satisfiat,
956 1723 1122 1811 oportet,
1164 1705 1359 1781 talonibus
1384 1713 1416 1781 :c
1440 1723 1477 1784 et
1495 1736 1545 1809 y,
1592 1712 1658 1812 qui
1682 1713 1724 1788 in
1746 1710 1903 1817 singidis
2028 1691 2030 1754 1

284 1839 556 1944 aquationibus
580 1837 697 1919 iidem
721 1849 819 1911 sunt.
870 1836 962 1911 Haeo
980 1821 1203 1937 hypothesis
1219 1835 1323 1913 dabit
1339 1835 1430 1910 duas
1450 1835 1678 1934 aequationes
1695 1838 1792 1913 inter
1811 1829 1903 1916 duas

280 1967 482 2045 tamaltiles
517 1964 759 2068 quantitates,
796 1973 906 2062 atqua
938 1962 1030 2036 adeo
1061 1985 1175 2036 unam
1201 1985 1284 2060 quae
1309 1975 1445 2061 praeter
1468 1961 1723 2038 necessitatem
1746 1965 1904 2066 reliquis

231 2111 236 2130 ¹
282 2092 495 2194 adjungitur
519 2090 568 2164 ad
590 2085 792 2162 variabiles
817 2087 909 2162 duas
935 2089 1222 2166 constituendas.
1276 2085 1398 2182 Quare
1421 2085 1483 2163 bis
1507 2089 1755 2166 variabilibus
1776 2090 1904 2166 elimi-

283 2217 381 2304 natis
407 2216 453 2310 ad
477 2207 745 2316 aequationem,
780 2239 865 2316 quae
892 2241 953 2290 aas
981 2245 1058 2294 non
1084 2215 1308 2309 continebit,
1334 2215 1615 2317 perveniemus,
1640 2233 1677 2294 at
1703 2219 1765 2294 cui
1789 2219 1903 2294 satis·-

215 2335 218 2355 '
285 2343 362 2436 fiat,
390 2357 537 2443 oportet
561 2355 603 2416 ut
628 2340 710 2416 duae
735 2353 844 2413 rectae
869 2338 909 2412 in
927 2340 1041 2418 socafi
1058 2369 1098 2418 se
1117 2345 1281 2421 invicem
1299 2369 1422 2418 secare
1441 2357 1596 2444 queant:
1631 2359 1783 2446 apparet
1806 2341 1912 2420 hano·

285 2465 532 2570 aequationem
556 2462 674 2538 fore
662 2477 759 2536 mter
785 2463 1005 2564 quantitates
1032 2493 1057 2541 a
1084 2489 1120 2548 et
1146 2471 1210 2567 a‘,
1247 2497 1330 2576 quae
1355 2467 1575 2554 directiones
1601 2485 1784 2547 reetamm
1809 2497 1904 2548 con·

284 2595 448 2672 stituant.
516 2591 576 2666 Ad
606 2589 704 2664 hanc
729 2586 969 2666 obtinendam
995 2598 1262 2698 aequationem,
1297 2613 1372 2673 tres
1403 2591 1631 2700 aeqttationes
1655 2581 1716 2674 itae
1743 2597 1905 2736 coujun-

231 2785 238 2793 .
284 2721 413 2822 gendae
438 2707 535 2792 s‘unt.
623 2803 629 2810 ,

496 2929 501 2946 ⁸
581 2865 751 2944 yzax.

581 2994 699 3074 χιι-,α
700 2965 864 3048 'ac-1.

580 3110 632 3200 Υ
651 3097 913 3197 (y÷1)=.e²
930 3087 1091 3202 (1-7)

276 3227 336 3314 ,ita
361 3238 403 3300 nt
428 3249 478 3300 ex
502 3221 550 3299 iis
572 3249 604 3295 x
629 3235 665 3297 et
684 3246 717 3322 γ
735 3223 940 3332 pellantur.
990 3227 1088 3302 Duae
1110 3227 1254 3330 priores
1280 3229 1422 3306 dabunt

582 3423 831 3546 ω;Π;
865 3406 974 3480 tertia
997 3387 1089 3482 vero
1116 3409 1275 3516 sormam
1301 3425 1442 3508 sumet,
1477 3411 1511 3488 si
1541 3409 1581 3487 in
1606 3409 1790 3510 locumy
1822 3407 1938 3528 suf-1

278 3601 407 3692 ,ficitur
431 3597 511 3699 ejus
535 3597 645 3672 valor
671 3611 707 3670 et
732 3598 872 3672 factore
897 3601 1161 3676 communiae
1193 3603 1374 3680 dividinr

473 3777 478 3786 -
577 3741 613 3799 ἔα
634 3727 1066 3824 ⁸.(aae†1)=l-aoe
1192 3789 1197 3798 ,
1291 3754 1294 3762 ·

285 3871 369 3958 qttae
396 3851 500 3930 dabit
578 3865 588 3888 '
725 3865 728 3876 '

690 4015 971 4120 --;haec
1003 4019 1164 4141 aequatio
1199 4002 1338 4158 indicat
1369 4021 1551 4154 angutiam
1569 3985 1707 4136 quam
1718 4033 1817 4098 reeta
1841 4040 1910 4120 per

283 4241 463 4331 punctum
480 4227 520 4302 A
537 4226 647 4304 dueta
665 4253 751 4306 enm
769 4230 841 4307 axi
816 4162 1113 4307 'mensam
1126 4228 1297 4334 format,
1313 4231 1495 4333 aqualata
1512 4253 1592 4308 esse
1612 4231 1754 4333 dupnci
1770 4226 1910 4330 angulo

285 4373 397 4459 quem
428 4355 618 4430 constituit
647 4373 748 4434 recta
772 4383 840 4460 per
863 4375 1043 4461 punctum
1067 4362 1106 4434 B
1134 4361 1243 4434 ducta
1278 4385 1362 4436 oum
1395 4360 1462 4434 axi
1496 4357 1645 4451 eodem3
1680 4355 1806 4459 posito
1839 4355 1910 4433 has

288 4479 382 4560 duas
405 4481 445 4558 ia
469 4481 585 4562 forali
606 4511 646 4564 aa
670 4467 835 4569 invinent
858 4512 997 4569 meare.
1054 4485 1296 4564 Manifestum
1319 4487 1578 4590 astangulum
1602 4486 1705 4574 ianr,
1723 4487 1815 4564 duas
1839 4482 1912 4562 has
