4084 5008
763 343 1144 434 .,‚33„

229 545 499 672 ⁴vitequationiu
524 570 701 646 normalis
726 585 833 646 erunt

388 793 399 824 ,
523 941 531 953 ,
648 723 964 946 <aaa

352 999 1034 1226 y1„y'4t*r²÷r÷1(,-

573 1153 599 1199 z
672 1133 822 1229 u-rr

157 1289 263 1364 Prior
288 1287 422 1360 harum
450 1283 713 1384 acqaiationum
739 1283 850 1360 ctiam
877 1283 946 1358 erit
970 1279 1231 1374 z‘oezzx‘‚
1267 1280 1307 1354 in
1340 1304 1411 1381 qua
1437 1278 1592 1380 legitur,
1628 1283 1780 1383 projec.

21 1473 26 1494 .
156 1419 295 1492 tionem
322 1415 358 1488 in
388 1413 499 1516 plano
527 1409 826 1486 coonlinatarum
852 1405 882 1480 :r
906 1421 943 1482 et
967 1435 994 1484 z
1012 1434 1081 1511 per
1100 1407 1285 1508 originem
1302 1407 1401 1482 (luci.
1454 1407 1542 1481 lmle
1562 1408 1781 1512 colligemus

157 1540 360 1614 normalem
380 1537 444 1612 axi
462 1541 549 1612 AY
570 1538 722 1614 obviam
747 1537 849 1614 fieri:
877 1537 979 1640 quod
1001 1561 1131 1640 revera
1157 1536 1281 1612 evenit
1306 1535 1347 1611 in
1373 1535 1506 1637 quavis
1531 1537 1779 1614 revolutionis

158 1665 365 1780 superficie.
438 1714 441 1718 -
1126 1733 1132 1738 .

257 1792 310 1866 Ea
336 1787 512 1865 scientiae
549 1810 655 1888 pars,
700 1811 812 1888 quam
847 1785 949 1860 Galli
980 1785 1109 1878 dicunt
1144 1784 1357 1862 Ge'ometric
1392 1785 1618 1888 descriptiva
1639 1787 1677 1884 θ)
1710 1815 1781 1863 nos

158 1918 268 1990 etiarn
288 1887 413 1990 'docet
452 1929 568 1988 artem
603 1911 757 2012 planum
790 1925 943 2011 tangens
982 1909 1143 2020 ducendi
1190 1912 1327 1986 virtute
1362 1912 1403 1986 in
1441 1908 1595 2011 planum
1626 1925 1782 2012 tangens

159 2043 370 2146 superficiei
389 2019 650 2116 revolutionis
685 2051 942 2137 comparatum
986 2037 1159 2132 cadente3
1212 2063 1285 2140 qua
1329 2050 1385 2113 est
1425 2038 1784 2139 perpendiculariter

20 2185 56 2254 ’,
158 2185 322 2248 erectum
347 2168 387 2240 in
412 2167 526 2272 plano
552 2165 665 2238 ducto
691 2190 759 2266 per
785 2190 895 2236 axem
919 2163 1164 2238 revolutionis
1189 2177 1225 2236 et
1250 2177 1430 2263 punctum
1456 2179 1660 2244 contactus.

258 2291 417 2386 Quando
452 2290 562 2366 nobis
598 2288 843 2390 proponimus
879 2290 1031 2392 planum
1058 2304 1210 2390 tangens
1237 2289 1448 2365 ducendum
1473 2289 1521 2364 ad
1544 2293 1782 2394 superficiem

158 2425 316 2500 localem
341 2403 409 2524 per
433 2433 613 2524 punctum
639 2432 744 2492 extra
768 2416 1003 2520 superficiem
1026 2414 1140 2493 situm
1166 2415 1271 2517 cujus
1296 2414 1530 2493 coordinatae
1558 2418 1664 2495 datae
1682 2437 1780 2498 sunt.

157 2552 343 2656 Aequatio
378 2545 483 2652 plani
516 2541 699 2644 tangentis
735 2567 820 2618 oum
854 2568 896 2616 ea
923 2546 1135 2648 superficiei
1165 2545 1361 2648 conjuncta
1396 2541 1603 2618 constituet*
1632 2545 1783 2646 projec-

158 2682 279 2754 tiones
313 2700 469 2767 curvae,
507 2695 600 2774 qnae
634 2686 690 2752 cst
715 2670 822 2748 locus
860 2671 1027 2746 omnium
1061 2669 1300 2772 possibilium
1326 2682 1516 2746 contactus
1544 2687 1780 2771 punctorum.

158 2803 284 2900 Quare
321 2800 551 2904 postulatum
585 2825 662 2872 non
695 2813 751 2872 est
785 2798 997 2872 definitum:
1036 2797 1137 2898 quod
1169 2798 1280 2872 etiam
1307 2795 1613 2874 auintatlvcrtitur
1638 2801 1781 2878 intelli-

158 2929 278 3034 gendo
296 2925 449 3030 planum
467 2938 621 3021 tangens
640 2921 757 2996 rotari
774 2921 952 2997 contiuuo
967 2949 1034 3025 per
1051 2939 1243 3026 punctum,
1271 2925 1374 3025 quod
1389 2919 1516 3016 (latum
1535 2938 1590 2998 est
1607 2923 1702 3018 iens,
1728 2924 1781 3000 ita

157 3073 201 3133 ut
226 3081 301 3133 non
325 3050 489 3128 dcssinat
514 3065 663 3149 tangere
690 3045 938 3150 superficiem.
1000 3047 1073 3122 Hic
1099 3063 1222 3124 motus
1247 3048 1438 3150 generabit
1464 3065 1604 3126 certum
1629 3077 1778 3144 conum,

157 3179 264 3281 cujus
290 3191 458 3254 centrum
482 3191 663 3276 punctum
690 3175 817 3250 datum
844 3191 962 3252 estet
989 3174 1056 3278 qui
1080 3191 1296 3280 procreatus
1323 3187 1380 3250 est
1402 3173 1500 3248 linea
1526 3191 1647 3270 recta,
1687 3201 1779 3278 per·

157 3325 271 3415 petuo
293 3319 540 3412 perpunctum
566 3293 690 3375 datum
715 3297 770 3376 ire
797 3317 833 3376 et
857 3281 1003 3404 semper
1026 3303 1262 3408 superficiem
1283 3318 1434 3405 tangere
1459 3298 1573 3400 jussa.
1632 3299 1778 3378 Solutio

158 3433 345 3534 analytica
379 3427 624 3534 problematis
659 3427 813 3532 planum
846 3445 999 3533 tangens
1029 3430 1076 3505 ad
1100 3431 1335 3534 superficiem
1360 3439 1525 3502 nostram
1550 3448 1618 3524 per
1642 3437 1781 3500 rectam

158 3585 254 3662 quae
280 3573 387 3634 extra
413 3549 650 3661 superficiem
681 3556 765 3631 data
799 3572 854 3634 est
878 3553 1039 3632 ducendi
1062 3553 1177 3632 nullia
1208 3549 1493 3630 difficultatibus
1520 3547 1685 3623 obnoxia
1710 3547 1779 3628 eit.

158 3683 344 3762 Ponamus
370 3683 468 3760 enim
494 3700 674 3788 punctum
706 3685 827 3759 ullarm
860 3683 900 3758 in
925 3681 998 3758 hac
1031 3693 1132 3754 recta
1158 3695 1327 3772 exstam,
1366 3677 1637 3755 substituamus
1663 3703 1779 3756 coor-

154 3815 306 3913 ¹‹iinutas
338 3809 452 3914 hujus
487 3812 617 3912 puncti
650 3811 690 3886 in
722 3809 848 3886 locum
873 3807 917 3884 ,τ’
930 3865 942 3906 ,
965 3803 1011 3910 y'
1020 3861 1035 3901 ‚
1059 3803 1101 3879 ι’
1128 3805 1168 3880 in
1202 3805 1420 3914 aequatione
1454 3803 1778 3908 plani'tangentia,

159 3956 197 4016 et
228 3937 453 4014 habebimus
488 3933 747 4038 aequationem
782 3961 876 4038 quae
910 3937 965 4010 nil
1006 3929 1168 4026 continet
1202 3927 1276 4006 nisi
1306 3955 1333 4004 z
1340 3983 1352 4022 ‚
1396 3960 1447 4026 ce,
1481 3957 1514 4036 y
1548 3932 1780 4011 coordinatus

161 4065 292 4172 puncti
326 4079 528 4142 contactus.
605 4061 709 4140 Ficta
743 4063 969 4140 conditionis
1002 4055 1219 4156 aequatione
1259 4072 1302 4132 ut
1333 4054 1420 4136 data
1451 4071 1555 4138 recta
1587 4058 1627 4136 in
1666 4059 1779 4166 plano

199 4401 426 4489 ⁸)Glom6trie
447 4404 630 4491 descriptive
651 4425 705 4489 par
724 4402 762 4468 G.
784 4403 913 4514 lvicnge.x

239 4515 356 4588 ,Euris
378 4515 417 4578 tle
439 4514 611 4579 Geometrie
632 4533 683 4574 aur
703 4510 750 4576 lea
771 4511 859 4594 plane
880 4527 910 4576 et
929 4507 976 4578 let
995 4514 1127 4583 muru·
1146 4515 1274 4582 notatim
1293 4535 1350 4601 par
1367 4511 1510 4580 Laeroh.

252 4617 427 4686 Gtomiuie
447 4621 629 4709 descriptiva
649 4641 705 4706 par
725 4619 843 4684 vallea.
879 4684 884 4704 ,
