4084 5008
787 403 1133 492 ...25·..

141 623 182 694 A
197 627 244 716 Y,
272 646 366 722 quae
392 635 449 698 est
471 623 668 721 symetrice
694 623 816 724 posita
841 620 1005 697 solidum
1029 617 1246 720 respiciens.
1297 619 1498 696 Problema
1517 621 1631 723 igitur
1652 625 1769 700 redu-

141 747 239 822 citur
272 749 395 823 solum
430 749 477 823 ad
504 747 751 850 quaerendam
782 749 1008 850 applicatam
1039 754 1071 820 Y
1092 747 1210 822 centri
1234 747 1439 848 grauitatis.
1514 746 1572 821 Sit
1605 749 1768 824 solidum

141 871 436 977 homogeneum,
462 878 516 952 ita
541 891 582 950 ut
608 874 736 948 eadem
762 874 929 948 omnium
955 877 1119 981 partium
1145 875 1305 950 densitas
1338 873 1562 974 reperiatur3
1602 874 1768 982 pondera

140 1001 256 1104 igitur
280 1001 430 1076 illarum
456 1002 753 1104 proportionalia
778 1018 885 1076 erunt
908 1004 1178 1080 voluminibus.
1232 999 1377 1095 Quodsi
1402 997 1565 1072 solidum
1588 998 1769 1073 dividitur
1806 1063 1810 1074 .

141 1125 181 1198 in
206 1152 402 1200 numerum
426 1126 569 1202 infinite
595 1155 773 1230 magnum
798 1129 961 1232 partium
985 1128 1129 1202 infinite
1155 1152 1357 1228 parvarum
1375 1151 1443 1226 per
1461 1125 1575 1226 plana
1597 1151 1767 1228 perpen-

141 1252 322 1333 dicularia
340 1253 387 1326 ad
404 1279 514 1328 axem
540 1255 580 1325 A
594 1259 637 1347 1⁷3
665 1268 702 1326 et
724 1269 998 1354 representatur
1022 1255 1146 1329 littera
1178 1261 1210 1331 Υ
1231 1251 1406 1330 distantia
1432 1251 1549 1328 centri
1575 1253 1767 1353 gravitatis
2033 1353 2034 1358 Ἰ

140 1377 254 1454 solidi
279 1377 326 1450 ad
351 1378 507 1480 planum
531 1376 889 1480 perpendiculariter
913 1377 1067 1464 ductum
1092 1409 1160 1483 per
1185 1399 1366 1486 puuctum
1391 1380 1429 1452 Β
1455 1379 1502 1454 ad
1527 1403 1637 1455 axem
1661 1381 1746 1452 BA
1752 1435 1764 1472 ,
2033 1415 2034 1418 ¹

142 1503 305 1578 formula
330 1529 489 1604 sequens
515 1503 775 1580 determinabit
799 1503 896 1580 hanc
921 1506 1155 1585 distantiam:

546 1759 635 1820 Υ...
700 1715 747 1760 '³0
760 1698 869 1788 'rdr
951 1720 954 1726 ·
1006 1707 1009 1710 ’

592 1803 636 1820 “’
705 1793 864 1910 W

141 1991 175 2065 'si
208 1985 444 2062 meminimus
479 1985 593 2063 solidi
625 2003 854 2068 momentum
864 1985 883 2089 ,’
924 1977 1066 2071 ratione
1101 1990 1228 2065 habita
1254 1985 1357 2090 plani
1365 2011 1379 2082 ‚⁴
1394 1973 1564 2090 ¹aequare
1591 2013 1764 2063 momen·
1792 1987 1801 2002 '

140 2130 264 2191 torum
297 2139 479 2190 summam
512 2097 796 2214 elementorum,
843 2136 879 2196 et
909 2135 1139 2195 momentum
1170 2116 1284 2192 solidi
1312 2129 1482 2218 respecto
1516 2115 1649 2214 plano,
1685 2141 1763 2190 esse
1817 2209 1820 2214 Ι

140 2239 302 2316 solidum
326 2239 615 2343 multiplicatum
641 2243 815 2318 distantia
840 2243 900 2318 sui
926 2245 1044 2319 centri
1068 2243 1261 2346 gravitatis
1281 2239 1422 2317 abhoc
1444 2239 1570 2343 plano.
1624 2239 1764 2314 Elimi-

139 2369 262 2442 nando
287 2381 339 2442 ω’
371 2391 443 2469 ope
469 2367 700 2468 aequationis
726 2395 861 2446 curvae
887 2369 1020 2446 localis
1047 2367 1235 2444 obtinetur

100 3169 102 3172 .
137 3103 383 3209 integratione
409 3105 527 3198 facta,
555 3105 882 3211 constantibusque
908 3108 1114 3184 arbitrariis
1140 3109 1353 3187 conditione
1384 3101 1656 3202 determinatis,
1685 3131 1759 3208 qua

139 3233 302 3310 solidum
327 3250 523 3310 evanescat
546 3231 588 3308 in
612 3249 753 3336 puncto
779 3239 839 3328 A,
865 3233 1025 3310 habetur

404 3463 427 3594 ,’
457 3413 1398 3634 210s(s,²:;)-({-⁴÷tr⁸÷r²÷2r÷tt)

346 3617 1365 3772 ΥΞ-Ἷ--ΓΜ
1422 3611 1629 3694 ···(Μ),

458 3669 1244 3889 21⁰s(s-,y)-(3-÷r²÷2r÷l)

140 3993 236 4072 quae
262 3983 429 4044 centrum
454 3970 647 4072 gravitatis
673 3969 786 4047 solidi
810 3996 879 4046 nos
905 3983 1121 4046 exercentes
1147 3965 1308 4042 docebit.

240 4187 282 4262 Si
316 4187 522 4270 r=1e1tt
552 4147 795 4328 Y:-}={;
836 4205 1004 4266 centrum
1029 4187 1222 4292 gravitatis
1249 4213 1338 4290 ergo
1362 4185 1476 4266 solidi
1490 4187 1665 4290 ¹generati
1689 4189 1758 4291 per
1826 4301 1829 4309 A

138 4425 261 4476 aream
286 4399 469 4476 infinitam
493 4423 570 4475 non
595 4399 834 4480 constitutum
859 4415 934 4476 este
976 4425 1097 4503 neque
1124 4422 1234 4474 causa
1259 4414 1317 4475 est
1341 4424 1408 4477 cur
1432 4415 1601 4480 centrum
1627 4401 1757 4506 gravi-

139 4526 226 4606 tatis
253 4526 366 4604 solidi
390 4525 504 4630 hujus
530 4525 635 4628 prius
660 4527 701 4603 in
725 4528 800 4604 ulio
824 4527 911 4604 loco
936 4525 1007 4621 sit,
1034 4551 1147 4628 quam
1167 4527 1208 4604 in
1234 4527 1320 4607 alio.

1366 4777 1393 4854 4
